<record><leader>00000cas a22000007a 4500</leader><controlfield tag="001">9633989</controlfield><controlfield tag="008">830622d18921896ohudn ne      0    0eng d</controlfield><datafield ind1=" " ind2=" " tag="010"><subfield code="a">sn 83035244 </subfield></datafield><datafield ind1=" " ind2=" " tag="040"><subfield code="a">NPY</subfield><subfield code="b">eng</subfield><subfield code="c">NPY</subfield><subfield code="d">ONP</subfield><subfield code="d">OCLCQ</subfield></datafield><datafield ind1=" " ind2=" " tag="042"><subfield code="a">msc</subfield></datafield><datafield ind1="0" ind2="0" tag="245"><subfield code="a">Conneaut evening post.</subfield></datafield><datafield ind1=" " ind2=" " tag="260"><subfield code="a">Conneaut, Ohio :</subfield><subfield code="b">Conneaut Print. Co.,</subfield><subfield code="c">-1896.</subfield></datafield><datafield ind1=" " ind2=" " tag="300"><subfield code="a">5 v. :</subfield><subfield code="b">ill. ;</subfield><subfield code="c">56 cm.</subfield></datafield><datafield ind1=" " ind2=" " tag="310"><subfield code="a">Daily (except Sun.)</subfield></datafield><datafield ind1="1" ind2=" " tag="362"><subfield code="a">Began in 1892.</subfield></datafield><datafield ind1="0" ind2=" " tag="362"><subfield code="a">-v. 5, no. 1266 (Aug. 5, 1896).</subfield></datafield><datafield ind1=" " ind2=" " tag="515"><subfield code="a">Vol. 5 = 5th year.</subfield></datafield><datafield ind1=" " ind2=" " tag="588"><subfield code="a">Description based on: Vol. 5, no. 1266 (Aug. 5, 1896).</subfield></datafield><datafield ind1=" " ind2=" " tag="752"><subfield code="a">United States</subfield><subfield code="b">Ohio</subfield><subfield code="c">Ashtabula</subfield><subfield code="d">Conneaut.</subfield></datafield><datafield ind1="0" ind2="7" tag="785"><subfield code="t">Conneaut daily herald</subfield><subfield code="w">(DLC)sn 83035235</subfield></datafield><datafield ind1="0" ind2="7" tag="785"><subfield code="t">Conneaut post-herald (Conneaut, Ohio : 1896)</subfield><subfield code="w">(DLC)sn 83035236</subfield></datafield></record>